
@misc{foitzik_wie_2017,
	title = {Wie {Sie} richtig mit {Zeitfressern} umgehen – {Interview} mit {Thomas} {Kiefer}},
	url = {https://www.agitano.com/wie-sie-richtig-mit-zeitfressern-umgehen/100422},
	abstract = {Zeitfresser sind ein großes Thema unserer Zeit – doch was hilft wirklich? Thomas Kiefer nennt zahlreiche handfeste Tipps für Ihr Zeitmanagement und Tools!},
	language = {de-DE},
	urldate = {2018-05-30},
	journal = {AGITANO},
	author = {Foitzik, Oliver},
	month = sep,
	year = {2017},
	note = {Abgerufen am 30.05.2018}
}

@book{mctear_conversational_2016,
	address = {Cham},
	title = {The {Conversational} {Interface} {Talking} to {Smart} {Devices}},
	isbn = {{ISBN:} 978-3-319-32967-3},
	language = {English},
	publisher = {Springer International Publishing},
	author = {McTear, Michael and Callejas, Zoraida and Griol, David},
	year = {2016},
	note = {OCLC: 984787205}
}

@book{khan_build_2018,
	title = {Build {Better} {Chatbots}: {A} {Complete} {Guide} to {Getting} {Started} with {Chatbots}},
	isbn = {{ISBN:} 978-1-4842-3111-1},
	shorttitle = {Build {Better} {Chatbots}},
	language = {English},
	publisher = {Apress},
	author = {Khan, Rashid and Das, Anik},
	year = {2018},
	note = {OCLC: 1018461557}
}

@misc{weddehage_10_2016,
	title = {10 {Gründe}, warum {Conversational} {UIs} die {Zukunft} gehört},
	url = {https://entwickler.de/online/ux/conversational-user-interfaces-10-gruende-250714.html},
	abstract = {Sogenannte Conversational User Interfaces erfreuen sich immer größerer Beliebtheit in der Design-Branche: Zehn gute Gründe, warum das so ist!},
	language = {de-DE},
	urldate = {2018-05-30},
	journal = {entwickler.de},
	author = {Weddehage, Jan},
	month = jun,
	year = {2016},
	note = {Abgerufen am 30.05.2018}
}

@misc{adorsys_gmbh_&_co._kg_company_2018,
	title = {Company},
	author = {{adorsys GmbH \& Co. KG}},
	month = jun,
	year = {2018}
}

@misc{techlabs_what_2017,
	title = {What is a {Conversational} {UI} and why does it matter?},
	url = {https://chatbotsmagazine.com/what-is-a-conversational-ui-and-why-it-matters-de358507b9a2},
	abstract = {Many researchers believe conversational AI will soon be developers’ first priority, surpassing cloud-native and mobile-first projects in…},
	urldate = {2018-06-16},
	journal = {Chatbots Magazine},
	author = {Techlabs, Maruti},
	month = oct,
	year = {2017},
	note = {Abgerufen am 16.06.2018}
}

@book{heinemann_neuausrichtung_2018,
	address = {Wiesbaden, Germany},
	title = {Die {Neuausrichtung} des {App}- und {Smartphone}-{Shopping}: {Mobile} {Commerce}, {Mobile} {Payment}, {LBS}, {Social} {Apps} und {Chatbots} im {Handel}},
	isbn = {{ISBN:} 978-3-658-19135-1 978-3-658-19134-4},
	shorttitle = {Die {Neuausrichtung} des {App}- und {Smartphone}-{Shopping}},
	language = {ger},
	publisher = {Springer Gabler},
	author = {Heinemann, Gerrit},
	year = {2018},
	note = {OCLC: 1011086879},
	annote = {Literaturangaben},
	file = {Table of Contents PDF:/Users/michaelwagner/Zotero/storage/NI8PDBF7/Heinemann - 2018 - Die Neuausrichtung des App- und Smartphone-Shoppin.pdf:application/pdf}
}

@misc{molla_how_2017,
	title = {How {Apple}’s {iPhone} changed the world: 10 years in 10 charts},
	shorttitle = {How {Apple}’s {iPhone} changed the world},
	url = {https://www.recode.net/2017/6/26/15821652/iphone-apple-10-year-anniversary-launch-mobile-stats-smart-phone-steve-jobs},
	abstract = {Everything has changed.},
	urldate = {2018-06-16},
	journal = {Recode},
	author = {Molla, Rani},
	month = jun,
	year = {2017},
	note = {Abgerufen am 16.06.2018}
}

@book{nahrstedt_algorithmen_2012,
	address = {Wiesbaden},
	edition = {2., überarb. Aufl},
	series = {Studium},
	title = {Algorithmen für {Ingenieure}: technische {Realisierung} mit {Excel} und {VBA} ; mit 65 {Tabellen}},
	isbn = {{ISBN:} 978-3-8348-1980-2 978-3-8348-1692-4},
	shorttitle = {Algorithmen für {Ingenieure}},
	language = {ger},
	publisher = {Springer Vieweg},
	author = {Nahrstedt, Harald},
	year = {2012},
	note = {OCLC: 780119688},
	annote = {Literaturverz. S. [247] - 248},
	file = {Table of Contents PDF:/Users/michaelwagner/Zotero/storage/2SZX5FRQ/Nahrstedt - 2012 - Algorithmen für Ingenieure technische Realisierun.pdf:application/pdf}
}

@book{nishith_pathak_artificial_2017,
	title = {Artificial {Intelligence} for .{NET}: {Speech}, {Language}, and {Search} {Building} {Smart} {Applications} with {Microsoft} {Cognitive} {Services} {APIs}},
	isbn = {{ISBN:} 978-1-4842-2949-1},
	shorttitle = {Artificial {Intelligence} for .{NET}},
	language = {German},
	urldate = {2018-06-17},
	publisher = {Apress},
	author = {{Nishith Pathak}},
	year = {2017},
	note = {OCLC: 1003230100}
}

@book{deng_deep_2018,
	title = {Deep learning in natural language processing},
	isbn = {{ISBN:} 978-981-10-5209-5},
	abstract = {Deep learning has revolutionized a number of applications in artificial intelligence, including speech, vision, natural language, game playing, healthcare, and robotics. In particular, the recent striking success of deep learning in a wide variety of Natural Language Processing (NLP) application areas has been taken as a landmark of deep learning in one of the most important tasks in Artificial Intelligence. The book presents the state-of-the-art of deep learning research, and its applications in major NLP tasks including speech recognition, lexical analysis, parsing, knowledge graph, machine translation, information retrieval, question answering, sentiment analysis, social computing, spoken language understanding, and dialogue systems. The self-contained, comprehensive chapters have been written by leading researchers in the field. It appeals undergraduate and graduate students, post-doctoral researchers, lecturers, and industrial researchers and anyone interested in deep learning and natural language processing.},
	language = {English},
	urldate = {2018-06-19},
	publisher = {Springer, Singapore},
	author = {Deng, Li and Liu, Yang},
	year = {2018},
	note = {OCLC: 1037946570}
}

@book{ovchinnikova_integration_2012,
	address = {Amsterdam},
	series = {Atlantis thinking machines},
	title = {Integration of world knowledge for natural language understanding},
	isbn = {{ISBN:} 978-94-91216-53-4 978-94-91216-52-7},
	language = {eng},
	number = {3},
	publisher = {Atlantis Press},
	author = {Ovchinnikova, Ekaterina},
	year = {2012},
	note = {OCLC: 838774038},
	annote = {Zugl.: Osnabrück, Univ., Diss., 2011},
	file = {Table of Contents PDF:/Users/michaelwagner/Zotero/storage/WIPDIXZ6/Ovchinnikova - 2012 - Integration of world knowledge for natural languag.pdf:application/pdf}
}

@book{mitrevski_developing_2018,
	address = {Berkeley, CA},
	title = {Developing {Conversational} {Interfaces} for {iOS}: {Add} {Responsive} {Voice} {Control} to {Your} {Apps}},
	isbn = {{ISBN:} 978-1-4842-3396-2},
	shorttitle = {Developing {Conversational} {Interfaces} for {iOS}},
	language = {English},
	publisher = {Apress Imprint : Apress},
	author = {Mitrevski, Martin},
	year = {2018},
	note = {OCLC: 1026355313}
}

@book{vieira_introduction_2018,
	title = {Introduction to {Deep} {Learning} {Business} {Applications} for {Developers}: {From} {Conversational} {Bots} in {Customer} {Service} to {Medical} {Image} {Processing}},
	isbn = {{ISBN:} 978-1-4842-3453-2},
	shorttitle = {Introduction to {Deep} {Learning} {Business} {Applications} for {Developers}},
	language = {English},
	publisher = {Apress},
	author = {Vieira, Armando and Ribeiro, Bernardete},
	year = {2018},
	note = {OCLC: 1038734168}
}

@book{smolinski_innovationen_2017,
	address = {Wiesbaden, Germany},
	series = {Edition {Bankmagazin}},
	title = {Innovationen und {Innovationsmanagement} in der {Finanzbranche}},
	isbn = {{ISBN:} 978-3-658-15648-0 978-3-658-15647-3},
	language = {ger},
	publisher = {Springer Gabler},
	editor = {Smolinski, Remigiusz and Gerdes, Moritz and Siejka, Martin and Bodek, Mariusz C.},
	year = {2017},
	note = {OCLC: 987574750},
	annote = {Enthält zahlreiche Beiträge},
	file = {Table of Contents PDF:/Users/michaelwagner/Zotero/storage/DVRCAUGD/Smolinski et al. - 2017 - Innovationen und Innovationsmanagement in der Fina.pdf:application/pdf}
}

@misc{fourault_ultimate_2017,
	title = {The {Ultimate} {Guide} {To} {Designing} {A} {Chatbot} {Tech} {Stack}},
	url = {https://chatbotsmagazine.com/the-ultimate-guide-to-designing-a-chatbot-tech-stack-333eceb431da},
	abstract = {If you’re working in the chatbot business (consulting, development, UX design…), this conversation may sound familiar:},
	urldate = {2018-06-19},
	journal = {Chatbots Magazine},
	author = {Fourault, Sébastien},
	month = aug,
	year = {2017},
	note = {Abgerufen am 19.06.2018}
}

@misc{riya_study_2018,
	title = {A {Study} {On} {The} {Best} {NLP} {Tool} {For} {Conversational} {Botmakers}},
	url = {https://www.cabotsolutions.com/2017/12/a-study-on-the-best-nlp-tool-for-conversational-botmakers},
	abstract = {Chatbots and intelligent assistants are redefining the user engagement and brand experiences. This article gives you a detailed study of the best NLP tools for conversational botmakers.},
	language = {en},
	urldate = {2018-06-20},
	author = {Riya, Jose},
	month = jun,
	year = {2018},
	note = {Abgerufen am 20.06.2018}
}

@misc{statistica.com_marktanteile_2018,
	title = {Marktanteile von {Android} und {iOS} am {Absatz} in {Deutschland}},
	url = {https://de.statista.com/statistik/daten/studie/256790/umfrage/marktanteile-von-android-und-ios-am-smartphone-absatz-in-deutschland/},
	abstract = {Diese Statistik zeigt die Marktanteile von Android und iOS an den Smartphone-Verkäufen in Deutschland bis März 2018. Android erzielte bis März 2018 einen Marktanteil von rund 76 Prozent, das iPhone einen Anteil von 23 Prozent.},
	language = {de},
	urldate = {2018-11-15},
	journal = {Statista},
	author = {{statistica.com}},
	month = nov,
	year = {2018},
	note = {Abgerufen am 15.11.2018}
}

@book{prasad_reddy_beginning_2017,
	address = {New York, NY},
	title = {Beginning {Spring} {Boot} 2: applications and microservices with the {Spring} framework},
	isbn = {{ISBN:} 978-1-4842-2931-6 978-1-4842-2930-9},
	shorttitle = {Beginning {Spring} {Boot} 2},
	language = {eng},
	publisher = {Apress},
	author = {Prasad Reddy, K. Siva},
	year = {2017},
	note = {OCLC: 1010492771}
}

@book{allen_beginning_2015,
	address = {New York},
	title = {Beginning {Android}},
	isbn = {{ISBN:} 978-1-4302-4686-2},
	publisher = {Apress},
	author = {Allen, Grant},
	year = {2015},
	note = {OCLC: 978-1-4302-4686-2},
	annote = {Includes index}
}

@misc{mcgrath_when_2018,
	title = {When a chatbot is better than an intranet - and when it's not},
	url = {https://chatbotsmagazine.com/when-a-chatbot-is-better-than-an-intranet-and-when-its-not-2d5a7aff2423},
	abstract = {7 scenarios where chatbots beat intranets, plus 4 scenarios where intranets beat chatbots},
	urldate = {2018-06-26},
	journal = {Chatbots Magazine},
	author = {McGrath, Chris},
	month = jun,
	year = {2018},
	note = {Abgerufen am 26.06.2018}
}

@misc{android_developers_app_2018,
	title = {App {Manifest} {Overview}},
	url = {https://developer.android.com/guide/topics/manifest/manifest-intro},
	language = {en},
	urldate = {2018-06-26},
	journal = {Android Developers},
	author = {{Android Developers}},
	month = jun,
	year = {2018},
	note = {Abgerufen am 26.06.2018}
}

@misc{android_developers_layouts_2018,
	title = {Layouts},
	url = {https://developer.android.com/guide/topics/ui/declaring-layout},
	abstract = {A layout defines the visual structure for a user interface, such as the UI for an activity or app widget . You can declare a layout in two ways: The Android framework gives you the flexibility to use either or both of these methods for declaring and managing…},
	language = {en},
	urldate = {2018-06-27},
	journal = {Android Developers},
	author = {{Android Developers}},
	month = jun,
	year = {2018},
	note = {Abgerufen am 27.06.2018}
}

@book{jackson_learn_2013,
	address = {New York, NY},
	series = {Books for professionals by professionals},
	title = {Learn {Android} {App} development: quickly build your first {Android} apps},
	isbn = {{ISBN:} 978-1-4302-5747-9 978-1-4302-5746-2},
	shorttitle = {Learn {Android} {App} development},
	language = {eng},
	publisher = {Apress / Springer},
	author = {Jackson, Wallace},
	year = {2013},
	note = {OCLC: 826076803},
	annote = {Building an android IDE for version 4.2: acquiring, installing, and configuring an android development environmentExploring android app development: the lingo of android and building your first hello world app! -- Java for android primer: enhancing our hello world application -- Layouts and activities: using viewgroup classes -- Android intents and events: adding interactivity -- Android UI design: using views and widgets via XML -- Android graphics design: concepts and techniques -- Compositing in android: advanced graphical user interface design -- Android image animation: frame-based animation using XML constructs -- Android vector animation: procedural animation via XML constructs -- An introduction to video: concepts and optimization -- Digital video in android: using the videoview class -- An introduction to audio: concepts and optimization -- Playing audio in android: the mediaplayer class -- Audio sequencing for android apps using the android soundpool class -- Using services to make your android application functional -- Using broadcast receivers to allow an android application to communicate -- Broadcast receivers: android inter-application communication -- Android content providers: access to datastores -- Appendix: A. Building an android IDE for version 4.12 and earlier: acquiring, installing, and configuring an android development environment},
	annote = {Distributed to the book trade worldwide by Springer Science + Business Media Includes index},
	file = {Table of Contents PDF:/Users/michaelwagner/Zotero/storage/D7NMBFBB/Jackson - 2013 - Learn Android App development quickly build your .pdf:application/pdf}
}

@misc{programmieren_lernen_programmier_2018,
	title = {Programmier {Tutorial}: {Apps} für {Android} entwickeln – {Teil} 15: {Der} {Activity} und {Fragment} {Lifecycle} in {Android}},
	shorttitle = {Programmier {Tutorial}},
	url = {http://www.programmierenlernenhq.de/tutorial-android-activity-und-fragment-lifecycle/},
	abstract = {ZURÜCK {\textbar} VOR In diesem Tutorial lernt ihr: Lebenszyklus einer Activity in Android (Der Activity Lifecycle) Implementieren der Activity Lifecycle-Callbacks in unsere App Lebenszyklus eines Fragments in Android (Der Fragment Lifecycle) Implementieren der Fragment Lifecycle-Callbacks…},
	language = {de-DE},
	urldate = {2018-06-27},
	author = {{Programmieren Lernen}},
	month = jun,
	year = {2018},
	note = {Abgerufen am 27.06.2018}
}

@book{gerber_learn_2015,
	address = {New York, NY},
	series = {Books for professionals by professionals},
	title = {Learn {Android} {Studio}: build {Android} apps quickly and effectively},
	isbn = {{ISBN:} 978-1-4302-6602-0 978-1-4302-6601-3},
	shorttitle = {Learn {Android} {Studio}},
	language = {eng},
	publisher = {Apress; Springer},
	author = {Gerber, Adam and Craig, Clifton},
	year = {2015},
	note = {OCLC: 956527462},
	annote = {Distributed worldwide by Springer Science+Business Media}
}

@book{richter_usability_2016,
	address = {Berlin Heidelberg},
	series = {{IT} kompakt},
	title = {Usability und {UX} kompakt: {Produkte} für {Menschen}},
	isbn = {{ISBN:} 978-3-662-49828-6 978-3-662-49827-9},
	shorttitle = {Usability und {UX} kompakt},
	language = {ger},
	publisher = {Springer Vieweg},
	author = {Richter, Michael and Flückiger, Markus},
	year = {2016},
	note = {OCLC: 951119659},
	annote = {Literaturverzeichnis: Seite 215-219 Die Vorauflagen erschienen unter dem Titel "Usability Engineering kompakt"},
	file = {Table of Contents PDF:/Users/michaelwagner/Zotero/storage/8RYQY28L/Richter und Flückiger - 2016 - Usability und UX kompakt Produkte für Menschen.pdf:application/pdf}
}

@book{gast_user_2018,
	address = {Wiesbaden, Germany},
	title = {User experience im {E}-commerce: messung von {Emotionen} bei der {Nutzung} interaktiver {Anwendungen}.},
	isbn = {{ISBN:} 978-3-658-22484-4},
	shorttitle = {User experience im {E}-commerce},
	url = {http://search.ebscohost.com/login.aspx?direct=true&scope=site&db=nlebk&db=nlabk&AN=1825473},
	language = {German},
	urldate = {2018-06-28},
	publisher = {Springer Gabler},
	author = {Gast, Oliver},
	year = {2018},
	note = {OCLC: 1038477470}
}

@misc{wit_wit_2018,
	title = {Wit — {Built}-in {Entities}},
	url = {https://wit.ai/docs/built-in-entities/20180601},
	urldate = {2018-06-29},
	author = {{Wit}},
	month = jun,
	year = {2018},
	note = {Abgerufen am 29.06.2018},
	file = {Wit — Built-in Entities:/Users/michaelwagner/Zotero/storage/3USBC5DA/20180601.html:text/html}
}

@misc{amazon_lex_built-slot_2018,
	title = {Built-in {Slot} {Types} - {Amazon} {Lex}},
	url = {https://docs.aws.amazon.com/lex/latest/dg/howitworks-builtins-slots.html},
	urldate = {2018-06-29},
	author = {{Amazon Lex}},
	month = jun,
	year = {2018},
	note = {Abgerufen am 29.06.2018}
}

@misc{cabot_technology_solution_analysis_2018,
	title = {An {Analysis} of the {Best} {NLP} {Tool} to {Build} a {Conversational} {Bot}},
	url = {https://hackernoon.com/an-analysis-of-the-best-nlp-tool-to-build-a-conversational-bot-18c4de0016c},
	abstract = {‘Chatbots’ — a term which is familiar for the layman. We could see and experience the usage of chatbot in our daily life. With the advent…},
	urldate = {2018-06-29},
	journal = {Hacker Noon},
	author = {{Cabot Technology Solution}},
	month = feb,
	year = {2018},
	note = {Abgerufen am 29.06.2018}
}

@misc{saurel_s._how_2018,
	title = {How to retrieve an {Unique} {ID} to identify {Android} devices ? – {All} for {Android}, {Android} for {All}},
	shorttitle = {How to retrieve an {Unique} {ID} to identify {Android} devices ?},
	url = {https://www.ssaurel.com/blog/how-to-retrieve-an-unique-id-to-identify-android-devices/},
	language = {en-US},
	urldate = {2018-07-05},
	author = {{Saurel S.}},
	month = jul,
	year = {2018},
	note = {Abgerufen am 05.07.2018}
}

@misc{google_developers_integrating_2018,
	title = {Integrating {Google} {Sign}-{In} into {Your} {Android} {App} {\textbar} {Google} {Sign}-{In} for {Android}},
	url = {https://developers.google.com/identity/sign-in/android/sign-in},
	language = {en},
	urldate = {2018-07-05},
	journal = {Google Developers},
	author = {{Google Developers}},
	month = jul,
	year = {2018},
	note = {Abgerufen am 05.07.2018}
}

@misc{google_developers_authenticate_2018,
	title = {Authenticate with a backend server {\textbar} {Google} {Sign}-{In} for {Android}},
	url = {https://developers.google.com/identity/sign-in/android/backend-auth},
	language = {en},
	urldate = {2018-07-05},
	journal = {Google Developers},
	author = {{Google Developers}},
	month = jul,
	year = {2018},
	note = {Abgerufen am 05.07.2018}
}

@misc{skachkov_dialogflow-android-client:_2018,
	title = {dialogflow-android-client: {Android} {SDK} for {Dialogflow}},
	copyright = {Apache-2.0},
	shorttitle = {dialogflow-android-client},
	url = {https://github.com/dialogflow/dialogflow-android-client},
	urldate = {2018-07-10},
	publisher = {Dialogflow},
	author = {Skachkov, Danil},
	month = jul,
	year = {2018},
	note = {Abgerufen am 10.07.2018}
}

@misc{vogel_using_2018,
	title = {Using {Retrofit} 2.x as {REST} client - {Tutorial}},
	url = {http://www.vogella.com/tutorials/Retrofit/article.html},
	urldate = {2018-07-10},
	author = {Vogel, Lars and Scholz, Simon and Weiser, David},
	month = jul,
	year = {2018},
	note = {Abgerufen am 10.07.2018}
}

@misc{bespoken_api.ai_2018,
	title = {With {API}.{AI} - bespoken.io},
	url = {http://docs.bespoken.io/en/latest/tutorials/tutorial_configuring_api_ai/},
	urldate = {2018-07-10},
	author = {{Bespoken}},
	month = jul,
	year = {2018},
	note = {Abgerufen am 10.07.2018}
}

@misc{npmjs_mongodb_2018,
	title = {mongodb},
	url = {https://www.npmjs.com/package/mongodb},
	abstract = {The official MongoDB driver for Node.js},
	urldate = {2018-07-10},
	journal = {npm},
	author = {{npmjs}},
	month = jul,
	year = {2018},
	note = {Abgerufen am 10.07.2018}
}

@misc{google_developers_node.js_2018,
	title = {Node.js {Quickstart} {\textbar} {Calendar} {API}},
	url = {https://developers.google.com/calendar/quickstart/nodejs},
	language = {en},
	urldate = {2018-07-10},
	journal = {Google Developers},
	author = {{Google Developers}},
	month = jul,
	year = {2018},
	note = {Abgerufen am 10.07.2018}
}

@misc{rocketbots.io_china_2017,
	title = {China, {WeChat}, and the {Origins} of {Chatbots}},
	url = {https://chatbotsmagazine.com/china-wechat-and-the-origins-of-chatbots-89c481f15a44},
	abstract = {What we can learn from the successes and shortcomings of the popular platform.},
	urldate = {2018-07-17},
	journal = {Chatbots Magazine},
	author = {Rocketbots.io, Jerry},
	month = mar,
	year = {2017},
	note = {Abgerufen am 17.07.2018}
}

@book{fuchs_requirements-engineering_2002,
	address = {Braunschweig Wiesbaden},
	series = {Know-how für das {Management}},
	title = {Requirements-{Engineering} in {IT} effizient und verständlich: praxisrelevantes {Wissen} in 24 {Schritten}},
	isbn = {{ISBN:} 978-3-322-89885-2 978-3-528-05756-5 978-3-322-89886-9},
	shorttitle = {Requirements-{Engineering} in {IT} effizient und verständlich},
	language = {ger},
	publisher = {Vieweg},
	author = {Fuchs, Emmerich and Fuchs, Karl Hermann and Hauri, Christian H.},
	year = {2002},
	note = {OCLC: 76713757},
	annote = {Hier auch später erschienene, unveränderte Nachdrucke Literaturverzeichnis: Seite 87 - 88}
}

@book{weber_kompendium_2008,
	address = {Berlin},
	series = {X.media.press},
	title = {Kompendium {Informationsdesign}},
	isbn = {{ISBN:} 978-3-540-69818-0 978-3-540-69817-3},
	language = {ger},
	publisher = {Springer},
	editor = {Weber, Wibke},
	year = {2008},
	note = {OCLC: 255755601},
	file = {Table of Contents PDF:/Users/michaelwagner/Zotero/storage/A8J2FE2F/Weber - 2008 - Kompendium Informationsdesign.pdf:application/pdf}
}

@misc{bluemm_designing_2017,
	title = {Designing a low-fidelity prototyping tool for {Voice}-{UI}},
	url = {https://medium.com/@cui.lab/designing-a-low-fidelity-prototyping-tool-for-voice-ui-f33e2192b151},
	abstract = {Over the last months we have seen lots of discussions about conversational interfaces. Of course, this is also due the availability of…},
	urldate = {2018-07-27},
	journal = {Medium},
	author = {Bluemm, Steffen},
	month = dec,
	year = {2017},
	note = {Abgerufen am 27.07.2018}
}

@book{tryfonas_human_2016,
	address = {[Cham] Heidelberg},
	series = {Lecture notes in computer science {Information} systems and applications, incl. {Internet}/{Web}, and {HCI}},
	title = {Human aspects of information security, privacy, and trust: 4th {International} {Conference}, {HAS} 2016, held as part of {HCI} {International} 2016, {Toronto}, {ON}, {Canada}, {July} 17-22, 2016: proceedings},
	isbn = {{ISBN:} 978-3-319-39381-0 978-3-319-39380-3},
	shorttitle = {Human aspects of information security, privacy, and trust},
	language = {eng},
	number = {9750},
	publisher = {Springer},
	editor = {Tryfonas, Theo},
	year = {2016},
	note = {OCLC: 953547060},
	file = {Table of Contents PDF:/Users/michaelwagner/Zotero/storage/MMBHQ65D/HAS - 2016 - Human aspects of information security, privacy, an.pdf:application/pdf}
}

@misc{geis_neue_2010,
	title = {Neue {ISO} 9241-210 „{Prozess} zur {Gestaltung} gebrauchstauglicher {Systeme}“ ersetzt die {ISO} 13407 – {ProContext} {Consulting} {GmbH}},
	url = {http://www.procontext.com/aktuelles/2010/03/iso-9241210-prozess-zur-entwicklung-gebrauchstauglicher-interaktiver-systeme-veroeffentlicht.html},
	urldate = {2018-08-08},
	author = {Geis, Thomas},
	month = mar,
	year = {2010},
	note = {Abgerufen am 08.08.2018}
}

@misc{chandra_how_2018,
	title = {How {To} {Conduct} {User} {Research} for {Chatbots} ?},
	url = {https://chatbotslife.com/how-to-conduct-user-research-for-chatbots-c7da114236d8},
	abstract = {There is no denying the fact , that the next few years will belong to AI and chatbots. Just like Mobile platform was the “Next Big Thing” a…},
	urldate = {2018-08-08},
	journal = {Chatbots Life},
	author = {Chandra, Nivedita},
	month = jan,
	year = {2018},
	note = {Abgerufen am 08.08.2018}
}

@misc{surveymonkey_surveymonkey_2018,
	title = {{SurveyMonkey} {Angebote} und {Preise}},
	url = {https://www.surveymonkey.de/pricing/details/},
	abstract = {Online-Umfragen innerhalb von wenigen Minuten erstellen und veröffentlichen, Ergebnisse automatisch auswerten lassen und grafisch oder in Echtzeit anzeigen. SurveyMonkey bietet ein kostenloses Umfrage-Tool und Online-Fragebögen.},
	language = {de},
	urldate = {2018-08-15},
	author = {SurveyMonkey},
	month = aug,
	year = {2018},
	note = {Abgerufen am 15.08.2018}
}

@misc{google_forms_google_2018,
	title = {Google {Formulare}: {Kostenlos} {Umfragen} erstellen und analysieren},
	url = {https://www.google.de/intl/de/forms/about/},
	urldate = {2018-08-15},
	author = {{Google Forms}},
	month = aug,
	year = {2018},
	note = {Abgerufen am 15.08.2018}
}

@misc{typeform_plans_2018,
	title = {Plans \& {Pricing} {\textbar} {Typeform}},
	url = {https://www.typeform.com/pricing/},
	abstract = {Get started with a free BASIC account. Get a feel for things. Make typeforms more personable with PRO features. Go with PRO+ for more enterprise solutions.},
	language = {en-US},
	urldate = {2018-08-15},
	journal = {Free Beautiful Online Survey \& Form Builder {\textbar} Typeform},
	author = {{Typeform}},
	month = aug,
	year = {2018},
	note = {Abgerufen am 15.08.2018}
}

@misc{google_cloud_agents_2018,
	title = {Agents {\textbar} {Dialogflow} {Enterprise} {Edition} {Documentation}},
	url = {https://cloud.google.com/dialogflow-enterprise/docs/concepts/agents},
	language = {en},
	urldate = {2018-10-17},
	journal = {Google Cloud},
	author = {{Google Cloud}},
	month = oct,
	year = {2018},
	note = {Abgerufen am 17.10.2018}
}

@misc{dialogflow_system_2018,
	title = {System {Entities}},
	url = {https://dialogflow.com/docs/reference/system-entities},
	language = {en},
	urldate = {2018-10-17},
	journal = {Dialogflow},
	author = {{Dialogflow}},
	month = oct,
	year = {2018},
	note = {Abgerufen am 17.10.2018}
}

@misc{google_developers_create_2018,
	title = {Create {Events}  {\textbar}  {Calendar} {API}  {\textbar}  {Google} {Developers}},
	url = {https://developers.google.com/calendar/create-events},
	urldate = {2018-10-17},
	author = {{Google Developers}},
	month = oct,
	year = {2018},
	note = {Abgerufen am 17.10.2018}
}

@misc{jumk.de_generator_2018,
	title = {Generator für {Zufallszahlen}},
	url = {https://rechneronline.de/zufallszahlen/},
	urldate = {2018-11-06},
	author = {{Jumk.de}},
	month = nov,
	year = {2018},
	note = {Abgerufen am 06.11.2018},
	file = {Generator für Zufallszahlen:/Users/michaelwagner/Zotero/storage/9TIF3NMG/zufallszahlen.html:text/html}
}

@misc{rita_strebe_mental_2015,
	title = {Mental {Models}: {Teil} 1 - {Die} {Welt} im {Kopf} des {Nutzers}},
	shorttitle = {Mental {Models}},
	url = {https://www.usabilityblog.de/mental-models-teil-1-die-welt-im-kopf-des-nutzers/},
	abstract = {Nutzer denken oft anders, als es von Programmierern und Designern erwartet wird. Es kann zwischen der tatsächlichen Funktionsweise eines Gerätes und den Annahmen des Nutzers darüber ein tiefer Graben entstehen. Bei diesen Annahmen wirken vorherige Erfahrungen mit ähnlichen Produkten, Erwartungen gegenüber wahrgenommenen Interaktionsangeboten des Produktes und Interpretationen von dessen Reaktionen zusammen und formen das mentale Modell. Mental Models bei Indi  […]},
	language = {de-DE},
	urldate = {2018-11-06},
	journal = {Usabilityblog.de},
	author = {{Rita Strebe}},
	month = nov,
	year = {2015},
	note = {Abgerufen am 06.11.2018}
}

@misc{claus_degendorfer_wie_2016,
	title = {Wie macht man seine {Kunden} glücklich?},
	url = {https://codefluegel.com/de/it-communication/},
	abstract = {Das fragen sich sicher viele Entwickler und kreative Dienstleister. Aber wie kann man den Kunden technische oder komplexe Sachverhalte einfach näherbringen?},
	language = {de-DE},
	urldate = {2018-11-15},
	journal = {CodeFlügel - Wir beflügeln Ihre Realität!},
	author = {{Claus Degendorfer}},
	month = aug,
	year = {2016},
	note = {Abgerufen am 15.11.2018}
}